<?xml version="1.0" encoding="utf-8" ?>
<collection xmlns="http://www.loc.gov/MARC21/slim" >
<record type="Bibliographic"><leader>     cam a22     7  4500</leader><controlfield tag="001">000000027</controlfield><controlfield tag="003">CHVBK</controlfield><controlfield tag="005">20140814164050.0</controlfield><controlfield tag="008">061218m19751976gw            00    ger  </controlfield><datafield tag="035" ind1=" " ind2=" "><subfield code="a">(OCoLC)775794614</subfield></datafield><datafield tag="035" ind1=" " ind2=" "><subfield code="a">(ABN)000300006</subfield></datafield><datafield tag="040" ind1=" " ind2=" "><subfield code="a">CH-AaAKB</subfield></datafield><datafield tag="245" ind1="0" ind2="0"><subfield code="a">Historische Dokumentation</subfield><subfield code="b">Informationsblätter der Abteilungen</subfield><subfield code="c">Historisches Museum Frankfurt</subfield></datafield><datafield tag="260" ind1=" " ind2=" "><subfield code="a">Frankfurt a.M</subfield><subfield code="b">[s.n.]</subfield><subfield code="c">1975-1976</subfield></datafield><datafield tag="300" ind1=" " ind2=" "><subfield code="a">1 Ordner</subfield><subfield code="b">Ill</subfield></datafield><datafield tag="505" ind1="0" ind2="0"><subfield code="g">[Teil 1]</subfield><subfield code="t">Historische Dokumentation 8.-15. Jahrhundert. Informationsblätter der Abteilungen 1-4. 1976</subfield></datafield><datafield tag="505" ind1="0" ind2="0"><subfield code="g">[Teil 2]</subfield><subfield code="t">Historische Dokumentation 16.-18. Jahrhundert. Informationsblätter der Abteilungen 5-26. 1975</subfield></datafield><datafield tag="505" ind1="0" ind2="0"><subfield code="g">[Teil 3]</subfield><subfield code="t">Historische Dokumentation 19. Jahrhundert. Informationsblätter der Abteilungen 27-43. 1975</subfield></datafield><datafield tag="505" ind1="0" ind2="0"><subfield code="g">[Teil 4]</subfield><subfield code="t">Historische Dokumentation 20. Jahrhundert. Informationsblätter der Abteilungen 50-55. 1976</subfield></datafield><datafield tag="690" ind1=" " ind2="7"><subfield code="B">u</subfield><subfield code="a">Museum</subfield><subfield code="2">abn YA</subfield></datafield><datafield tag="690" ind1=" " ind2="7"><subfield code="B">u</subfield><subfield code="a">Ausstellung</subfield><subfield code="2">abn YA</subfield></datafield><datafield tag="690" ind1=" " ind2="7"><subfield code="B">u</subfield><subfield code="a">Dokumentation</subfield><subfield code="2">abn YA</subfield></datafield><datafield tag="700" ind1="1" ind2=" "><subfield code="a">Historisches Museum (Frankfurt</subfield><subfield code="D">Main)</subfield></datafield><datafield tag="950" ind1=" " ind2=" "><subfield code="B">ABN</subfield><subfield code="P">700</subfield><subfield code="E">1-</subfield><subfield code="a">Historisches Museum (Frankfurt</subfield><subfield code="D">Main)</subfield></datafield><datafield tag="898" ind1=" " ind2=" "><subfield code="a">BK020000</subfield><subfield code="b">XK020000</subfield><subfield code="c">XK020000</subfield></datafield><datafield tag="949" ind1=" " ind2=" "><subfield code="B">ABN</subfield><subfield code="C">ABN51</subfield><subfield code="D">ABN01</subfield><subfield code="E">000300006</subfield><subfield code="F">HMA</subfield><subfield code="b">HMA</subfield><subfield code="c">HMAPR</subfield><subfield code="j">HMA AUS FRAM HIST 1</subfield><subfield code="p">300006-10</subfield><subfield code="q">000300006</subfield><subfield code="r">000010</subfield><subfield code="0">Historisches Museum Aargau</subfield><subfield code="1">Praesenzbibliothek</subfield><subfield code="3">BOOK</subfield><subfield code="4">21</subfield><subfield code="5">nicht ausleihbar</subfield></datafield></record>