
<record type="Bibliographic"><leader>     cam a22     4  4500</leader><controlfield tag="001">000000051</controlfield><controlfield tag="003">CHVBK</controlfield><controlfield tag="005">20140814164057.0</controlfield><controlfield tag="008">050119s2005    gw       6    00    ger  </controlfield><datafield tag="035" ind1=" " ind2=" "><subfield code="a">(OCoLC)775794624</subfield></datafield><datafield tag="035" ind1=" " ind2=" "><subfield code="a">(ABN)000300043</subfield></datafield><datafield tag="040" ind1=" " ind2=" "><subfield code="a">CH-AaAKB</subfield></datafield><datafield tag="041" ind1="1" ind2=" "><subfield code="a">ger</subfield><subfield code="h">fre</subfield></datafield><datafield tag="100" ind1="1" ind2=" "><subfield code="a">Modsi</subfield><subfield code="D">Thomas</subfield></datafield><datafield tag="245" ind1="1" ind2="4"><subfield code="a">Die Krieger der Finsternis</subfield><subfield code="c">Text: Thomas Mosdi ; Zeichnungen und Kolorierung : Civiello ; [Übersetzung: Resel Rebiersch]</subfield></datafield><datafield tag="260" ind1=" " ind2=" "><subfield code="a">[O.O.]</subfield><subfield code="b">Kult Editionen</subfield><subfield code="c">2005</subfield></datafield><datafield tag="300" ind1=" " ind2=" "><subfield code="a">47 S</subfield><subfield code="b">Ill</subfield></datafield><datafield tag="490" ind1="0" ind2=" "><subfield code="a">Korrigans</subfield><subfield code="v">Bd. 2</subfield></datafield><datafield tag="500" ind1=" " ind2=" "><subfield code="a">Legenden der Welt</subfield></datafield><datafield tag="509" ind1=" " ind2="0"><subfield code="a">Guerriers des Ténèbres</subfield></datafield><datafield tag="690" ind1=" " ind2="7"><subfield code="B">u</subfield><subfield code="a">Comics</subfield><subfield code="2">abn YS</subfield></datafield><datafield tag="690" ind1=" " ind2="7"><subfield code="B">u</subfield><subfield code="a">Legende</subfield><subfield code="2">abn YS</subfield></datafield><datafield tag="690" ind1=" " ind2="7"><subfield code="B">u</subfield><subfield code="a">Irland</subfield><subfield code="2">abn YS</subfield></datafield><datafield tag="700" ind1="0" ind2=" "><subfield code="a">Civiello</subfield></datafield><datafield tag="700" ind1="1" ind2=" "><subfield code="a">Rebiersch</subfield><subfield code="D">Resel</subfield></datafield><datafield tag="908" ind1=" " ind2=" "><subfield code="D">1</subfield><subfield code="a">Comic = Bande dessinée</subfield></datafield><datafield tag="950" ind1=" " ind2=" "><subfield code="B">ABN</subfield><subfield code="P">100</subfield><subfield code="E">1-</subfield><subfield code="a">Modsi</subfield><subfield code="D">Thomas</subfield></datafield><datafield tag="950" ind1=" " ind2=" "><subfield code="B">ABN</subfield><subfield code="P">490</subfield><subfield code="E">--</subfield><subfield code="a">Korrigans</subfield><subfield code="v">Bd. 2</subfield></datafield><datafield tag="950" ind1=" " ind2=" "><subfield code="B">ABN</subfield><subfield code="P">700</subfield><subfield code="E">0-</subfield><subfield code="a">Civiello</subfield></datafield><datafield tag="950" ind1=" " ind2=" "><subfield code="B">ABN</subfield><subfield code="P">700</subfield><subfield code="E">1-</subfield><subfield code="a">Rebiersch</subfield><subfield code="D">Resel</subfield></datafield><datafield tag="898" ind1=" " ind2=" "><subfield code="a">BK020200</subfield><subfield code="b">XK020200</subfield><subfield code="c">XK020200</subfield></datafield><datafield tag="949" ind1=" " ind2=" "><subfield code="B">ABN</subfield><subfield code="C">ABN51</subfield><subfield code="D">ABN01</subfield><subfield code="E">000300043</subfield><subfield code="F">NKS</subfield><subfield code="b">NKS</subfield><subfield code="c">NKMED</subfield><subfield code="j">NKS MOSD</subfield><subfield code="p">NKS04018008X</subfield><subfield code="q">000300043</subfield><subfield code="r">000010</subfield><subfield code="0">Neue Kantonsschule Aarau</subfield><subfield code="1">Medio</subfield><subfield code="3">BOOK</subfield><subfield code="4">01</subfield><subfield code="5">1 Monat</subfield></datafield></record>