
<record type="Bibliographic"><leader>     cam a22     4  4500</leader><controlfield tag="001">00000006X</controlfield><controlfield tag="003">CHVBK</controlfield><controlfield tag="005">20140814164059.0</controlfield><controlfield tag="008">080401m17531760gw            00    ger  </controlfield><datafield tag="019" ind1=" " ind2=" "><subfield code="a">03800379</subfield><subfield code="5">fj</subfield></datafield><datafield tag="035" ind1=" " ind2=" "><subfield code="a">(OCoLC)775794200</subfield></datafield><datafield tag="035" ind1=" " ind2=" "><subfield code="a">(ABN)000350018</subfield></datafield><datafield tag="040" ind1=" " ind2=" "><subfield code="a">CH-AaAKB</subfield></datafield><datafield tag="100" ind1="1" ind2=" "><subfield code="a">Brückner</subfield><subfield code="D">Georg</subfield></datafield><datafield tag="245" ind1="1" ind2="0"><subfield code="a">Sammlung verschiedener Nachrichten zu e. Beschreibung d. Kirchen- u. Schulenstaats im Herzogth. Gotha</subfield><subfield code="c">Joh. Georg Brückner</subfield></datafield><datafield tag="260" ind1=" " ind2=" "><subfield code="a">Gotha</subfield><subfield code="b">Mevius</subfield><subfield code="c">1753-1760</subfield></datafield><datafield tag="300" ind1=" " ind2=" "><subfield code="a">3 Bde</subfield><subfield code="c">4°</subfield></datafield><datafield tag="909" ind1=" " ind2="7"><subfield code="f">Rekat BBI</subfield><subfield code="2">idsuzh U2</subfield></datafield><datafield tag="950" ind1=" " ind2=" "><subfield code="B">ABN</subfield><subfield code="P">100</subfield><subfield code="E">1-</subfield><subfield code="a">Brückner</subfield><subfield code="D">Georg</subfield></datafield><datafield tag="898" ind1=" " ind2=" "><subfield code="a">BK020000</subfield><subfield code="b">XK020000</subfield><subfield code="c">XK020000</subfield></datafield><datafield tag="949" ind1=" " ind2=" "><subfield code="B">ABN</subfield><subfield code="C">ABN51</subfield><subfield code="D">ABN01</subfield><subfield code="E">000350018</subfield><subfield code="F">AKB</subfield><subfield code="b">AKB</subfield><subfield code="c">AKBMA</subfield><subfield code="j">AKB CQ 325: 1-3</subfield><subfield code="p">350018-10</subfield><subfield code="q">000350018</subfield><subfield code="r">000010</subfield><subfield code="0">Aargauer Kantonsbibliothek</subfield><subfield code="1">Magazin</subfield><subfield code="3">BOOK</subfield><subfield code="4">25</subfield><subfield code="5">Benutzung Sonderlesesaal</subfield></datafield></record>