
<record type="Bibliographic"><leader>     cam a22     7  4500</leader><controlfield tag="001">000000078</controlfield><controlfield tag="003">CHVBK</controlfield><controlfield tag="005">20140814164102.0</controlfield><controlfield tag="008">061218s1997    gw            00    ger  </controlfield><datafield tag="020" ind1=" " ind2=" "><subfield code="a">3-9805621-2-3</subfield></datafield><datafield tag="035" ind1=" " ind2=" "><subfield code="a">(OCoLC)164788407</subfield></datafield><datafield tag="035" ind1=" " ind2=" "><subfield code="a">(ABN)000300048</subfield></datafield><datafield tag="040" ind1=" " ind2=" "><subfield code="a">CH-AaAKB</subfield></datafield><datafield tag="245" ind1="0" ind2="0"><subfield code="a">Kaiser Ludwig der Bayer 1282-1347</subfield><subfield code="b">Katalog zur Ausstellung im Stadtmuseum Fürstenfeldbruck, 25. Juli bis 12. Oktober 1997</subfield><subfield code="c">hrsg. von Angelika Mundorff ... [et al.]</subfield></datafield><datafield tag="260" ind1=" " ind2=" "><subfield code="a">Fürstenfeldbruck</subfield><subfield code="b">Stadtmuseum</subfield><subfield code="c">1997</subfield></datafield><datafield tag="300" ind1=" " ind2=" "><subfield code="a">227 S</subfield><subfield code="b">Ill</subfield></datafield><datafield tag="500" ind1=" " ind2=" "><subfield code="a">Ausstellung (Fürstenfeldbruck ; Stadtmuseum ; 1997)</subfield></datafield><datafield tag="690" ind1=" " ind2="7"><subfield code="B">u</subfield><subfield code="a">Ludwig &#60;Römisch-Deutsches Reich, Kaiser, IV.&#62;</subfield><subfield code="2">abn YA</subfield></datafield><datafield tag="690" ind1=" " ind2="7"><subfield code="B">u</subfield><subfield code="a">Ausstellungskatalog</subfield><subfield code="2">abn YA</subfield></datafield><datafield tag="700" ind1="1" ind2=" "><subfield code="a">Mundorff</subfield><subfield code="D">Angelika</subfield></datafield><datafield tag="913" ind1=" " ind2=" "><subfield code="a">Ausstellung = Exposition</subfield><subfield code="b">1997</subfield><subfield code="c">Fürstenfeldbruck</subfield></datafield><datafield tag="950" ind1=" " ind2=" "><subfield code="B">ABN</subfield><subfield code="P">700</subfield><subfield code="E">1-</subfield><subfield code="a">Mundorff</subfield><subfield code="D">Angelika</subfield></datafield><datafield tag="898" ind1=" " ind2=" "><subfield code="a">BK020000</subfield><subfield code="b">XK020000</subfield><subfield code="c">XK020000</subfield></datafield><datafield tag="949" ind1=" " ind2=" "><subfield code="B">ABN</subfield><subfield code="C">ABN51</subfield><subfield code="D">ABN01</subfield><subfield code="E">000300048</subfield><subfield code="F">HMA</subfield><subfield code="b">HMA</subfield><subfield code="c">HMAPR</subfield><subfield code="j">HMA AUS FUER STAD</subfield><subfield code="p">300048-10</subfield><subfield code="q">000300048</subfield><subfield code="r">000010</subfield><subfield code="0">Historisches Museum Aargau</subfield><subfield code="1">Praesenzbibliothek</subfield><subfield code="3">BOOK</subfield><subfield code="4">21</subfield><subfield code="5">nicht ausleihbar</subfield></datafield></record>