
<record type="Bibliographic"><leader>     cam a22     4  4500</leader><controlfield tag="001">000000094</controlfield><controlfield tag="003">CHVBK</controlfield><controlfield tag="005">20140814164110.0</controlfield><controlfield tag="008">061218s2004    gw            00    ger  </controlfield><datafield tag="020" ind1=" " ind2=" "><subfield code="a">3-12-927029-9</subfield></datafield><datafield tag="035" ind1=" " ind2=" "><subfield code="a">(OCoLC)76484429</subfield></datafield><datafield tag="035" ind1=" " ind2=" "><subfield code="a">(ABN)000300074</subfield></datafield><datafield tag="040" ind1=" " ind2=" "><subfield code="a">CH-AaAKB</subfield></datafield><datafield tag="100" ind1="1" ind2=" "><subfield code="a">Bergmann</subfield><subfield code="D">Hans</subfield></datafield><datafield tag="245" ind1="1" ind2="0"><subfield code="a">Training Mathematik</subfield><subfield code="p">8. Schuljahr</subfield><subfield code="b">Termumformungen, Lineare Funktionen und Gleichungen, Dreiecke, Flächeninhalte</subfield><subfield code="c">Hans Bergmann, Uwe Bergmann, Horst Steibl</subfield></datafield><datafield tag="260" ind1=" " ind2=" "><subfield code="a">Stuttgart</subfield><subfield code="b">Klett</subfield><subfield code="c">2004</subfield></datafield><datafield tag="300" ind1=" " ind2=" "><subfield code="a">223 S</subfield><subfield code="b">Ill</subfield></datafield><datafield tag="690" ind1=" " ind2="7"><subfield code="B">u</subfield><subfield code="a">Lehrmittel</subfield><subfield code="2">abn YS</subfield></datafield><datafield tag="691" ind1=" " ind2="7"><subfield code="B">u</subfield><subfield code="u">51</subfield><subfield code="2">abn YM</subfield></datafield><datafield tag="700" ind1="1" ind2=" "><subfield code="a">Bergmann</subfield><subfield code="D">Uwe</subfield></datafield><datafield tag="700" ind1="1" ind2=" "><subfield code="a">Steibl</subfield><subfield code="D">Horst</subfield></datafield><datafield tag="950" ind1=" " ind2=" "><subfield code="B">ABN</subfield><subfield code="P">100</subfield><subfield code="E">1-</subfield><subfield code="a">Bergmann</subfield><subfield code="D">Hans</subfield></datafield><datafield tag="950" ind1=" " ind2=" "><subfield code="B">ABN</subfield><subfield code="P">700</subfield><subfield code="E">1-</subfield><subfield code="a">Bergmann</subfield><subfield code="D">Uwe</subfield></datafield><datafield tag="950" ind1=" " ind2=" "><subfield code="B">ABN</subfield><subfield code="P">700</subfield><subfield code="E">1-</subfield><subfield code="a">Steibl</subfield><subfield code="D">Horst</subfield></datafield><datafield tag="986" ind1=" " ind2=" "><subfield code="a">SWISSBIB</subfield><subfield code="b">000000094</subfield></datafield><datafield tag="898" ind1=" " ind2=" "><subfield code="a">BK020000</subfield><subfield code="b">XK020000</subfield><subfield code="c">XK020000</subfield></datafield><datafield tag="949" ind1=" " ind2=" "><subfield code="B">ABN</subfield><subfield code="C">ABN51</subfield><subfield code="D">ABN01</subfield><subfield code="E">000300074</subfield><subfield code="F">AKS</subfield><subfield code="b">AKS</subfield><subfield code="c">AKMN</subfield><subfield code="j">AKSA 51 BERG</subfield><subfield code="p">AKA02030465X</subfield><subfield code="q">000300074</subfield><subfield code="r">000010</subfield><subfield code="0">Alte Kantonsschule Aarau</subfield><subfield code="1">Medienzentrum Naturwissenschaften + Technik</subfield><subfield code="3">BOOK</subfield><subfield code="4">11</subfield><subfield code="5">1 Monat</subfield></datafield></record>