
<record type="Bibliographic"><leader>     cam a22     4  4500</leader><controlfield tag="001">000000116</controlfield><controlfield tag="003">CHVBK</controlfield><controlfield tag="005">20140814164117.0</controlfield><controlfield tag="008">080401s1816    gw            00    ger  </controlfield><datafield tag="019" ind1=" " ind2=" "><subfield code="a">03600518</subfield><subfield code="5">jk</subfield></datafield><datafield tag="035" ind1=" " ind2=" "><subfield code="a">(OCoLC)775794628</subfield></datafield><datafield tag="035" ind1=" " ind2=" "><subfield code="a">(ABN)000350056</subfield></datafield><datafield tag="040" ind1=" " ind2=" "><subfield code="a">CH-AaAKB</subfield></datafield><datafield tag="100" ind1="1" ind2=" "><subfield code="a">Brenner</subfield><subfield code="D">Frid</subfield></datafield><datafield tag="245" ind1="1" ind2="0"><subfield code="a">Freye Darstellung der Theologie in der Idee des Himmelreichs, oder: neueste katholische Dogmatik nach den Bedürfnissen unserer Zeiten</subfield><subfield code="c">F. Brenner</subfield></datafield><datafield tag="260" ind1=" " ind2=" "><subfield code="a">Bamberg</subfield><subfield code="b">Geobhardt</subfield><subfield code="c">1816</subfield></datafield><datafield tag="300" ind1=" " ind2=" "><subfield code="a">Bd. 2</subfield></datafield><datafield tag="909" ind1=" " ind2="7"><subfield code="f">Rekat BBI</subfield><subfield code="2">idsuzh U2</subfield></datafield><datafield tag="950" ind1=" " ind2=" "><subfield code="B">ABN</subfield><subfield code="P">100</subfield><subfield code="E">1-</subfield><subfield code="a">Brenner</subfield><subfield code="D">Frid</subfield></datafield><datafield tag="986" ind1=" " ind2=" "><subfield code="a">SWISSBIB</subfield><subfield code="b">000000108</subfield></datafield><datafield tag="898" ind1=" " ind2=" "><subfield code="a">BK020000</subfield><subfield code="b">XK020000</subfield><subfield code="c">XK020000</subfield></datafield><datafield tag="949" ind1=" " ind2=" "><subfield code="B">ABN</subfield><subfield code="C">ABN51</subfield><subfield code="D">ABN01</subfield><subfield code="E">000350056</subfield><subfield code="F">AKB</subfield><subfield code="b">AKB</subfield><subfield code="c">AKBMA</subfield><subfield code="j">AKB C 131</subfield><subfield code="p">350056-10</subfield><subfield code="q">000350056</subfield><subfield code="r">000010</subfield><subfield code="0">Aargauer Kantonsbibliothek</subfield><subfield code="1">Magazin</subfield><subfield code="3">BOOK</subfield><subfield code="4">23</subfield><subfield code="5">Benutzung Lesesaal (1 Tag)</subfield></datafield></record>