
<record type="Bibliographic"><leader>     cam a22     7  4500</leader><controlfield tag="001">000000132</controlfield><controlfield tag="003">CHVBK</controlfield><controlfield tag="005">20140814164119.0</controlfield><controlfield tag="008">061219s2006    xxk           00    eng  </controlfield><datafield tag="020" ind1=" " ind2=" "><subfield code="a">0-19-457780-5</subfield></datafield><datafield tag="035" ind1=" " ind2=" "><subfield code="a">(OCoLC)775794208</subfield></datafield><datafield tag="035" ind1=" " ind2=" "><subfield code="a">(ABN)000300089</subfield></datafield><datafield tag="040" ind1=" " ind2=" "><subfield code="a">CH-AaAKB</subfield></datafield><datafield tag="100" ind1="1" ind2=" "><subfield code="a">Grant</subfield><subfield code="D">David</subfield></datafield><datafield tag="245" ind1="1" ind2="0"><subfield code="a">Business basics</subfield><subfield code="b">updated for the international marketplace</subfield><subfield code="p">[Workbook]</subfield><subfield code="c">David Grant, Robert McLarty</subfield></datafield><datafield tag="260" ind1=" " ind2=" "><subfield code="a">Oxford</subfield><subfield code="b">Oxford University Press</subfield><subfield code="c">2006</subfield></datafield><datafield tag="300" ind1=" " ind2=" "><subfield code="a">175 p</subfield><subfield code="b">Ill +</subfield><subfield code="e">1 Beil. (1 CD-ROM)</subfield></datafield><datafield tag="500" ind1=" " ind2=" "><subfield code="a">International edition</subfield></datafield><datafield tag="690" ind1=" " ind2="7"><subfield code="B">u</subfield><subfield code="a">Englisch</subfield><subfield code="2">abn YS</subfield></datafield><datafield tag="690" ind1=" " ind2="7"><subfield code="B">u</subfield><subfield code="a">Lehrmittel</subfield><subfield code="2">abn YS</subfield></datafield><datafield tag="691" ind1=" " ind2="7"><subfield code="B">u</subfield><subfield code="u">802</subfield><subfield code="2">abn YM</subfield></datafield><datafield tag="700" ind1="1" ind2=" "><subfield code="a">McLarty</subfield><subfield code="D">Robert</subfield></datafield><datafield tag="950" ind1=" " ind2=" "><subfield code="B">ABN</subfield><subfield code="P">100</subfield><subfield code="E">1-</subfield><subfield code="a">Grant</subfield><subfield code="D">David</subfield></datafield><datafield tag="950" ind1=" " ind2=" "><subfield code="B">ABN</subfield><subfield code="P">700</subfield><subfield code="E">1-</subfield><subfield code="a">McLarty</subfield><subfield code="D">Robert</subfield></datafield><datafield tag="986" ind1=" " ind2=" "><subfield code="a">SWISSBIB</subfield><subfield code="b">000000132</subfield></datafield><datafield tag="898" ind1=" " ind2=" "><subfield code="a">BK020000</subfield><subfield code="b">XK020000</subfield><subfield code="c">XK020000</subfield></datafield><datafield tag="949" ind1=" " ind2=" "><subfield code="B">ABN</subfield><subfield code="C">ABN51</subfield><subfield code="D">ABN01</subfield><subfield code="E">000300089</subfield><subfield code="F">KSBB</subfield><subfield code="b">KSBB</subfield><subfield code="c">KBLZ1</subfield><subfield code="j">KSBB LE 802 GRAN</subfield><subfield code="p">KSB030083825</subfield><subfield code="q">000300089</subfield><subfield code="r">000010</subfield><subfield code="0">Kantonale Schule Berufsbildung</subfield><subfield code="1">Lehrerbibliothek Lezi 1</subfield><subfield code="3">BOOK</subfield><subfield code="4">21</subfield><subfield code="5">nicht ausleihbar</subfield></datafield></record>