
<record type="Bibliographic"><leader>     cam a22     4  4500</leader><controlfield tag="001">000000140</controlfield><controlfield tag="003">CHVBK</controlfield><controlfield tag="005">20140814164121.0</controlfield><controlfield tag="008">080401s1971    sz            00    gerr </controlfield><datafield tag="019" ind1=" " ind2=" "><subfield code="a">03800529</subfield><subfield code="5">rg</subfield></datafield><datafield tag="035" ind1=" " ind2=" "><subfield code="a">(OCoLC)775794632</subfield></datafield><datafield tag="035" ind1=" " ind2=" "><subfield code="a">(ABN)000350064</subfield></datafield><datafield tag="040" ind1=" " ind2=" "><subfield code="a">CH-AaAKB</subfield></datafield><datafield tag="100" ind1="1" ind2=" "><subfield code="a">Brugger</subfield><subfield code="D">Hans</subfield></datafield><datafield tag="245" ind1="1" ind2="0"><subfield code="a">Landwirtschaft des Kontons Thurgau</subfield><subfield code="c">Hans Brugger</subfield></datafield><datafield tag="260" ind1=" " ind2=" "><subfield code="a">Weinfelden</subfield><subfield code="b">s.n</subfield><subfield code="c">1971</subfield></datafield><datafield tag="300" ind1=" " ind2=" "><subfield code="a">S 65-100</subfield><subfield code="b">Tab., Diagr</subfield></datafield><datafield tag="500" ind1=" " ind2=" "><subfield code="a">Sonderdruck aus: Festgabe zum hundertjährigen Bestehen der Thurgauischen Kantonalbank 1871-1971</subfield></datafield><datafield tag="909" ind1=" " ind2="7"><subfield code="f">Rekat BBI</subfield><subfield code="2">idsuzh U2</subfield></datafield><datafield tag="950" ind1=" " ind2=" "><subfield code="B">ABN</subfield><subfield code="P">100</subfield><subfield code="E">1-</subfield><subfield code="a">Brugger</subfield><subfield code="D">Hans</subfield></datafield><datafield tag="898" ind1=" " ind2=" "><subfield code="a">BK020000</subfield><subfield code="b">XK020000</subfield><subfield code="c">XK020000</subfield></datafield><datafield tag="949" ind1=" " ind2=" "><subfield code="B">ABN</subfield><subfield code="C">ABN51</subfield><subfield code="D">ABN01</subfield><subfield code="E">000350064</subfield><subfield code="F">AKB</subfield><subfield code="b">AKB</subfield><subfield code="c">AKBMA</subfield><subfield code="j">AKB Br 11539</subfield><subfield code="p">350064-10</subfield><subfield code="q">000350064</subfield><subfield code="r">000010</subfield><subfield code="0">Aargauer Kantonsbibliothek</subfield><subfield code="1">Magazin</subfield><subfield code="3">BOOK</subfield><subfield code="4">01</subfield><subfield code="5">4 Wochen</subfield></datafield></record>