
<record type="Bibliographic"><leader>     cam a22     7  4500</leader><controlfield tag="001">000000159</controlfield><controlfield tag="003">CHVBK</controlfield><controlfield tag="005">20140814164125.0</controlfield><controlfield tag="008">061219s1952    gw            00    ger  </controlfield><datafield tag="035" ind1=" " ind2=" "><subfield code="a">(OCoLC)775794216</subfield></datafield><datafield tag="035" ind1=" " ind2=" "><subfield code="a">(ABN)000300102</subfield></datafield><datafield tag="040" ind1=" " ind2=" "><subfield code="a">CH-AaAKB</subfield></datafield><datafield tag="245" ind1="0" ind2="0"><subfield code="a">Zeichnungen aus dem Planarchiv des Landesamtes für Volkskunde und Denkmalpflege und Modelle aus sächsischen Museen</subfield><subfield code="c">Kabinett der Gegenwart Kaisertrutz</subfield></datafield><datafield tag="246" ind1="1" ind2="3"><subfield code="a">Ausstellung technischer Kulturdenkmale</subfield></datafield><datafield tag="260" ind1=" " ind2=" "><subfield code="a">[Görlitz]</subfield><subfield code="b">[s.n.]</subfield><subfield code="c">1952</subfield></datafield><datafield tag="300" ind1=" " ind2=" "><subfield code="a">112 S</subfield><subfield code="b">Ill</subfield></datafield><datafield tag="490" ind1="0" ind2=" "><subfield code="a">Schriftenreihe der Städtischen Kunstsammlungen Görlitz. Neue Folge</subfield><subfield code="v">2</subfield></datafield><datafield tag="490" ind1="0" ind2=" "><subfield code="a">Technische Kulturdenkmale Sachsens</subfield><subfield code="v">Heft 1</subfield></datafield><datafield tag="500" ind1=" " ind2=" "><subfield code="a">Ausstellung (Görlitz ; Kulturhistorisches Museum Kaisertrutz ; 1952)</subfield></datafield><datafield tag="690" ind1=" " ind2="7"><subfield code="B">u</subfield><subfield code="a">Sachsen</subfield><subfield code="2">abn YA</subfield></datafield><datafield tag="690" ind1=" " ind2="7"><subfield code="B">u</subfield><subfield code="a">Denkmalpflege</subfield><subfield code="2">abn YA</subfield></datafield><datafield tag="690" ind1=" " ind2="7"><subfield code="B">u</subfield><subfield code="a">Kulturdenkmal</subfield><subfield code="2">abn YA</subfield></datafield><datafield tag="690" ind1=" " ind2="7"><subfield code="B">u</subfield><subfield code="a">Ausstellungskatalog</subfield><subfield code="2">abn YA</subfield></datafield><datafield tag="710" ind1="2" ind2=" "><subfield code="a">Kulturhistorisches Museum Kaisertrutz (Görlitz)</subfield></datafield><datafield tag="913" ind1=" " ind2=" "><subfield code="a">Ausstellung = Exposition</subfield><subfield code="b">1952</subfield><subfield code="c">Görlitz</subfield></datafield><datafield tag="950" ind1=" " ind2=" "><subfield code="B">ABN</subfield><subfield code="P">490</subfield><subfield code="E">--</subfield><subfield code="a">Schriftenreihe der Städtischen Kunstsammlungen Görlitz. Neue Folge</subfield><subfield code="v">2</subfield></datafield><datafield tag="950" ind1=" " ind2=" "><subfield code="B">ABN</subfield><subfield code="P">490</subfield><subfield code="E">--</subfield><subfield code="a">Technische Kulturdenkmale Sachsens</subfield><subfield code="v">Heft 1</subfield></datafield><datafield tag="950" ind1=" " ind2=" "><subfield code="B">ABN</subfield><subfield code="P">710</subfield><subfield code="E">2-</subfield><subfield code="a">Kulturhistorisches Museum Kaisertrutz (Görlitz)</subfield></datafield><datafield tag="898" ind1=" " ind2=" "><subfield code="a">BK020000</subfield><subfield code="b">XK020000</subfield><subfield code="c">XK020000</subfield></datafield><datafield tag="949" ind1=" " ind2=" "><subfield code="B">ABN</subfield><subfield code="C">ABN51</subfield><subfield code="D">ABN01</subfield><subfield code="E">000300102</subfield><subfield code="F">HMA</subfield><subfield code="b">HMA</subfield><subfield code="c">HMAPR</subfield><subfield code="j">HMA AUS GOER KABI</subfield><subfield code="p">300102-10</subfield><subfield code="q">000300102</subfield><subfield code="r">000010</subfield><subfield code="0">Historisches Museum Aargau</subfield><subfield code="1">Praesenzbibliothek</subfield><subfield code="3">BOOK</subfield><subfield code="4">21</subfield><subfield code="5">nicht ausleihbar</subfield></datafield></record>
</collection>
